<?xml version="1.0" encoding="UTF-8"?><collection xmlns="http://www.loc.gov/MARC21/slim"><record><leader>00403nam--2200157-i-4500</leader><controlfield tag="001">000018148</controlfield><controlfield tag="002">20161230</controlfield><controlfield tag="005">20170206184941</controlfield><controlfield tag="008">060222s1000------------r-----000-0-eng-d</controlfield><datafield ind1=" " ind2=" " tag="100"><subfield code="a">Fester, Gustav A</subfield></datafield><datafield ind1=" " ind2=" " tag="245"><subfield code="a">Die hydrometallurgie des urans</subfield></datafield><datafield ind1=" " ind2=" " tag="260"><subfield code="a">Stuttgart</subfield><subfield code="b">F. Enke</subfield><subfield code="c">1956</subfield></datafield><datafield ind1=" " ind2=" " tag="300"><subfield code="a">64 p</subfield></datafield><datafield ind1=" " ind2=" " tag="490"><subfield code="a">Sammlung Chemischer... Beitrage..53</subfield></datafield><datafield ind1=" " ind2=" " tag="852"><subfield code="a">12301</subfield></datafield><datafield ind1=" " ind2=" " tag="CAT"><subfield code="a">SYS</subfield><subfield code="c">20170206</subfield><subfield code="h">184941</subfield></datafield></record></collection>